01REMESSA01COBRANCA       21451005451442000000NOME DO CEDENTE COMPLETO      001BANCO DO BRASIL0612190000001                      2354187                                                                                                                                                                                                                                                                  000001
70218760540000139214510054514422354187                         235418700000000010000   A   0190000000     1501100000    10081700000000181720010000 01A100717TETE00000000000200908170000000000230000000000000000000000001100100012345678901JOSE DA SILVA 1                         RUA DA ESPERANÁA, 100,                  CENTRO      18270000TATUI          SPTESTE MENSAGEM 1                        10 000002
5992110817000000000500                                                                                                                                                                                                                                                                                                                                                                                    000003
70218760540000139214510054514422354187                         235418700000000020000   A   0190000000     1501200000    10091700000000302880010000 01A100717TETE00000000000200909170000000000230000000000000000000000001100100012345678902JOSE DA SILVA 2                         RUA DA ESPERANÁA, 100,                  CENTRO      18270000TATUI          SPTESTE MENSAGEM 1                        10 000004
5992110917000000000500                                                                                                                                                                                                                                                                                                                                                                                    000005
70218760540000139214510054514422354187                         235418700000000030000   A   0190000000     1501300000    10101700000000424020010000 01A100717TETE00000000000200910170000000000230000000000000000000000001100100012345678903JOSE DA SILVA 3                         RUA DA ESPERANÁA, 100,                  CENTRO      18270000TATUI          SPTESTE MENSAGEM 1                        10 000006
5992111017000000000500                                                                                                                                                                                                                                                                                                                                                                                    000007
9                                                                                                                                                                                                                                                                                                                                                                                                         000008
