34100000         218760540000139                    02145 000000054514 2Nome do Cedente Completo      BANCO ITAU SA                           10206202018070900000104000000                                                      000            
34100011R01  030 2018760540000139                    02145 000000054514 2Nome do Cedente Completo                                                                                      000000010206202000000000                                 
3410001300001P 0102145 000000054514 2015000000013        00000100000         1008201700000000001817200000001A10072017015082017000000000000020009082017000000000000230000000000000000000000000000110                         0100000000000000000 
3410001300002Q 011000012345678901Jose da Silva 1                         Rua da Esperança 100                    Centro         18270000Tatui          SP1000099999999999xxxxxxxx                                000                            
3410001300003R 01000000000000000000000000000000000000000000000000211082017000000000000500                                                                                                              0000000000000000 000000000000  0         
3410001300004P 0102145 000000054514 2015000000021        00000200000         1009201700000000003028800000001A10072017015092017000000000000020009092017000000000000230000000000000000000000000000110                         0100000000000000000 
3410001300005Q 011000012345678902Jose da Silva 2                         Rua da Esperança 100                    Centro         18270000Tatui          SP1000099999999999xxxxxxxx                                000                            
3410001300006R 01000000000000000000000000000000000000000000000000211092017000000000000500                                                                                                              0000000000000000 000000000000  0         
3410001300007P 0102145 000000054514 2015000000039        00000300000         1010201700000000004240200000001A10072017015102017000000000000020009102017000000000000230000000000000000000000000000110                         0100000000000000000 
3410001300008Q 011000012345678903Jose da Silva 3                         Rua da Esperança 100                    Centro         18270000Tatui          SP1000099999999999xxxxxxxx                                000                            
3410001300009R 01000000000000000000000000000000000000000000000000211102017000000000000500                                                                                                              0000000000000000 000000000000  0         
34100015         00001100000900000000000090862000000000000000000000000000000000000000000000000000000000000000000000                                                                                                                             
34199999         000001000013000000                                                                                                                                                                                                             
