01REMESSA01COBRANCA       00000000000000000000NOME DO CEDENTE COMPLETO      091UNICRED        160120       1130000001                                                                                                                                                                                                                                                                                     000001
1021451000000545144200150214505451442                         0910000000000000001500000000000            0  01100000    100817000000001817200000000000100717061000000000000200908170000000000230000000000150000000000001100100012345678901JOSE DA SILVA 1                         RUA DA ESPERANÁA 100                    CENTRO      18270000TATUI               SP                                      000002
2TESTE MENSAGEM 2                                                                TESTE MENSAGEM 1                                                                                                                                                                                                                                                                             015021450545144200000000015000003
1021451000000545144200150214505451442                         0910000000000000002300000000000            0  01200000    100917000000003028800000000000100717061000000000000200909170000000000230000000000230000000000001100100012345678902JOSE DA SILVA 2                         RUA DA ESPERANÁA 100                    CENTRO      18270000TATUI               SP                                      000004
2TESTE MENSAGEM 2                                                                TESTE MENSAGEM 1                                                                                                                                                                                                                                                                             015021450545144200000000023000005
1021451000000545144200150214505451442                         0910000000000000003100000000000            0  01300000    101017000000004240200000000000100717061000000000000200910170000000000230000000000310000000000001100100012345678903JOSE DA SILVA 3                         RUA DA ESPERANÁA 100                    CENTRO      18270000TATUI               SP                                      000006
2TESTE MENSAGEM 2                                                                TESTE MENSAGEM 1                                                                                                                                                                                                                                                                             015021450545144200000000031000007
9                                                                                                                                                                                                                                                                                                                                                                                                         000008
