01REMESSA01COBRANCA       214500545142        NOME DO CEDENTE COMPLETO      341BANCO ITAU SA  160120                                                                                                                                                                                                                                                                                                      000001
10218760540000139214500545142    0000                         000000010000000000000015                     I01100000    10081700000000181723410000001A100717TETE00000000000200908170000000000230000000000000000000000001100100012345678901JOSE DA SILVA 1                         RUA DA ESPERANÁA 100                    CENTRO      18270000TATUI          SPXXXXXXXX                          15081710 000002
22110820170000000000500                                                                                                                                                                                                                                                                                                                                                                                   000003
10218760540000139214500545142    0000                         000000020000000000000015                     I01200000    10091700000000302883410000001A100717TETE00000000000200909170000000000230000000000000000000000001100100012345678902JOSE DA SILVA 2                         RUA DA ESPERANÁA 100                    CENTRO      18270000TATUI          SPXXXXXXXX                          15091710 000004
22110920170000000000500                                                                                                                                                                                                                                                                                                                                                                                   000005
10218760540000139214500545142    0000                         000000030000000000000015                     I01300000    10101700000000424023410000001A100717TETE00000000000200910170000000000230000000000000000000000001100100012345678903JOSE DA SILVA 3                         RUA DA ESPERANÁA 100                    CENTRO      18270000TATUI          SPXXXXXXXX                          15101710 000006
22111020170000000000500                                                                                                                                                                                                                                                                                                                                                                                   000007
9                                                                                                                                                                                                                                                                                                                                                                                                         000008
