01REMESSA01COBRANCA       00000000000000000000NOME DO CEDENTE COMPLETO      033SANTANDER      0907200000000000000000                                                                                                                                                                                                                                                                                   000000001
1021876054000013900000000000000000000                         00000019050817 40500000000000000000    110817001100000    10081700000000181720330000001N100717TE0600000000000200908170000000000230000000000000000000000001100100012345678901JOSE DA SILVA 1                         RUA DA ESPERANÁA 100                    CENTRO      18270000TATUI          SP                               I42      10 000002
2                00000000000000000000          01TESTE MENSAGEM 1                                                                                                                                                                                                                                                                                                                             I42         000003
2                00000000000000000000          01TESTE MENSAGEM 2                                                                                                                                                                                                                                                                                                                             I42         000004
2                00000000000000000000          01TESTE MENSAGEM 1                                                                                                                                                                                                                                                                                                                             I42         000005
1021876054000013900000000000000000000                         00000027050917 40500000000000000000    110917001200000    10091700000000302880330000001N100717TE0600000000000200909170000000000230000000000000000000000001100100012345678902JOSE DA SILVA 2                         RUA DA ESPERANÁA 100                    CENTRO      18270000TATUI          SP                               I42      10 000006
2                00000000000000000000          01TESTE MENSAGEM 1                                                                                                                                                                                                                                                                                                                             I42         000007
2                00000000000000000000          01TESTE MENSAGEM 2                                                                                                                                                                                                                                                                                                                             I42         000008
2                00000000000000000000          01TESTE MENSAGEM 1                                                                                                                                                                                                                                                                                                                             I42         000009
1021876054000013900000000000000000000                         00000035051017 40500000000000000000    111017001300000    10101700000000424020330000001N100717TE0600000000000200910170000000000230000000000000000000000001100100012345678903JOSE DA SILVA 3                         RUA DA ESPERANÁA 100                    CENTRO      18270000TATUI          SP                               I42      10 000010
2                00000000000000000000          01TESTE MENSAGEM 1                                                                                                                                                                                                                                                                                                                             I42         000011
2                00000000000000000000          01TESTE MENSAGEM 2                                                                                                                                                                                                                                                                                                                             I42         000012
2                00000000000000000000          01TESTE MENSAGEM 1                                                                                                                                                                                                                                                                                                                             I42         000013
9000014000000009086200000000000000000000000000000000000000000000000000000000000000000000000000000000000000000000000000000000000000000000000000000000000000000000000000000000000000000000000000000000000000000000000000000000000000000000000000000000000000000000000000000000000000000000000000000000000000000000000000000000000000000000000000000000000000000000000000000000000000000000000000000000000000000014
