01REMESSA01COBRANCA       00000000000000000000NOME DO CEDENTE COMPLETO      237BRADESCO       240320        MX0000001                                                                                                                                                                                                                                                                                     000001
1000000000000000000000150214505451442                         0002050000000000001500000000002            2  01100000    10081700000000181720000000001N100717TE1000000000000200908170000000000230000000000000000000000001100100012345678901JOSE DA SILVA 1                         RUA DA ESPERANÁA 100                                18270000TESTE MENSAGEM 1                                            000002
2TESTE MENSAGEM 2                                                                TESTE MENSAGEM 1                                                                                                                                                                                                                                00000000000000000000000000000000000000       0150214505451442000000000015000003
1000000000000000000000150214505451442                         0002050000000000002300000000002            2  01200000    10091700000000302880000000001N100717TE1000000000000200909170000000000230000000000000000000000001100100012345678902JOSE DA SILVA 2                         RUA DA ESPERANÁA 100                                18270000TESTE MENSAGEM 1                                            000004
2TESTE MENSAGEM 2                                                                TESTE MENSAGEM 1                                                                                                                                                                                                                                00000000000000000000000000000000000000       0150214505451442000000000023000005
1000000000000000000000150214505451442                         0002050000000000003100000000002            2  01300000    10101700000000424020000000001N100717TE1000000000000200910170000000000230000000000000000000000001100100012345678903JOSE DA SILVA 3                         RUA DA ESPERANÁA 100                                18270000TESTE MENSAGEM 1                                            000006
2TESTE MENSAGEM 2                                                                TESTE MENSAGEM 1                                                                                                                                                                                                                                00000000000000000000000000000000000000       0150214505451442000000000031000007
9                                                                                                                                                                                                                                                                                                                                                                                                         000008
