00100000         218760540000139002354187001415019  0214510000005451442 NOME DO CEDENTE COMPLETO      BANCO DO BRASIL                         10907202022022400000103000000                    00000000000000000000           CSP000            
00100011R0100020 2018760540000139002354187001415019  0214510000005451442 Nome do Cedente Completo                                                                                      000000010907202000000000                                 
0010001300001P 010214510000005451442 23541870000000001   71222100000         1008201700000000001817200000 02A10072017115082017000000000000020109082017000000000000230000000000000000000000000000110                         1100000090000000000 
0010001300002Q 011000012345678901Jose da Silva 1                         Rua da Esperança 100                    Centro         18270000Tatui          SP1000099999999999xxxxxxxx                                000                            
0010001300003R 01000000000000000000000000000000000000000000000000211082017000000000000500          Teste Mensagem 1                                                                                    00000000000000000000000000000000         
0010001300004P 010214510000005451442 23541870000000002   71222200000         1009201700000000003028800000 02A10072017115092017000000000000020109092017000000000000230000000000000000000000000000110                         1100000090000000000 
0010001300005Q 011000012345678902Jose da Silva 2                         Rua da Esperança 100                    Centro         18270000Tatui          SP1000099999999999xxxxxxxx                                000                            
0010001300006R 01000000000000000000000000000000000000000000000000211092017000000000000500          Teste Mensagem 1                                                                                    00000000000000000000000000000000         
0010001300007P 010214510000005451442 23541870000000003   71222300000         1010201700000000004240200000 02A10072017115102017000000000000020109102017000000000000230000000000000000000000000000110                         1100000090000000000 
0010001300008Q 011000012345678903Jose da Silva 3                         Rua da Esperança 100                    Centro         18270000Tatui          SP1000099999999999xxxxxxxx                                000                            
0010001300009R 01000000000000000000000000000000000000000000000000211102017000000000000500          Teste Mensagem 1                                                                                    00000000000000000000000000000000         
00100015         00001100000000000000000000000000000000000000000000000000000000000000000000000000000000000000000000                                                                                                                             
00199999         000001000013                                                                                                                                                                                                                   
