01REMESSA01COBRANCA       21450000000         NOME DO CEDENTE COMPLETO      104C ECON FEDERAL 021219                                                                                                                                                                                                                                                                                                 00001000001
1021876054000013921450000002000                         14000000000000001    1508171                      0101100000    10081700000000181721040000001A100717010000000000000200908170000000000230000000000000000000000001100100012345678901JOSE DA SILVA 1                         RUA DA ESPERANÁA, 100                   CENTRO      18270000TATUI          SP1108170000000909XXXXXXXX              00101000002
2021876054000013921450000000                            14000000000000001                                 0101                             104TESTE MENSAGEM 1                        TESTE MENSAGEM 2                        TESTE MENSAGEM 1                                                                                                                                                            000003
1021876054000013921450000002000                         14000000000000002    1509171                      0101200000    10091700000000302881040000001A100717010000000000000200909170000000000230000000000000000000000001100100012345678902JOSE DA SILVA 2                         RUA DA ESPERANÁA, 100                   CENTRO      18270000TATUI          SP1109170000001514XXXXXXXX              00101000004
2021876054000013921450000000                            14000000000000002                                 0101                             104TESTE MENSAGEM 1                        TESTE MENSAGEM 2                        TESTE MENSAGEM 1                                                                                                                                                            000005
1021876054000013921450000002000                         14000000000000003    1510171                      0101300000    10101700000000424021040000001A100717010000000000000200910170000000000230000000000000000000000001100100012345678903JOSE DA SILVA 3                         RUA DA ESPERANÁA, 100                   CENTRO      18270000TATUI          SP1110170000002120XXXXXXXX              00101000006
2021876054000013921450000000                            14000000000000003                                 0101                             104TESTE MENSAGEM 1                        TESTE MENSAGEM 2                        TESTE MENSAGEM 1                                                                                                                                                            000007
9                                                                                                                                                                                                                                                                                                                                                                                                         000008
