03300000        2018760540000139                                        Nome do Cedente Completo      BANCO SANTANDER                         102122019      000001040                                                                          
03300011R01  030 2018760540000139                                        Nome do Cedente Completo                                                                                      0000000102122019                                         
0330001300001P 012145100054514420005451442  0000000000019122  100000         1008201700000000001817200000 02A10072017115082017000000000000020109082017000000000000230000000000000000000000000000110                         110200000           
0330001300002Q 011000012345678901Jose da Silva 1                         Rua da Esperança 100                    Centro         18270000Tatui          SP1000099999999999xxxxxxxx                                000000000000                   
0330001300003R 01000000000000000000000000                        211082017000000000000500          Teste Mensagem 1                        Teste Mensagem 2                                                                                     
0330001300004S 012Teste Mensagem 1                                                                                                                                                                                                              
0330001300005P 012145100054514420005451442  0000000000027122  200000         1009201700000000003028800000 02A10072017115092017000000000000020109092017000000000000230000000000000000000000000000110                         110200000           
0330001300006Q 011000012345678902Jose da Silva 2                         Rua da Esperança 100                    Centro         18270000Tatui          SP1000099999999999xxxxxxxx                                000000000000                   
0330001300007R 01000000000000000000000000                        211092017000000000000500          Teste Mensagem 1                        Teste Mensagem 2                                                                                     
0330001300008S 012Teste Mensagem 1                                                                                                                                                                                                              
0330001300009P 012145100054514420005451442  0000000000035122  300000         1010201700000000004240200000 02A10072017115102017000000000000020109102017000000000000230000000000000000000000000000110                         110200000           
0330001300010Q 011000012345678903Jose da Silva 3                         Rua da Esperança 100                    Centro         18270000Tatui          SP1000099999999999xxxxxxxx                                000000000000                   
0330001300011R 01000000000000000000000000                        211102017000000000000500          Teste Mensagem 1                        Teste Mensagem 2                                                                                     
0330001300012S 012Teste Mensagem 1                                                                                                                                                                                                              
03300015         000014                                                                                                                                                                                                                         
03399999         000001000016                                                                                                                                                                                                                   
