10400000         2187605400001390000000000000000000002145100000000000000Nome do Cedente Completo      CAIXA ECONOMICA FEDERAL                 10612201909370900000105000000                    REMESSA-PRODUCAO                                 
10400011R0100030 20187605400001390000000000000000000002145100000000000000Nome do Cedente Completo                                                                                      000000010612201900000000                                 
1040001300001P 01021451000000000000000001400000000000000111220100000         1008201700000000001817200000002A10072017115082017000000000000020109082017000000000000230000000000000000000000000000110100000                   1102000090000000000 
1040001300002Q 011000012345678901Jose da Silva 1                         Rua da Esperança 100                    Centro         18270000Tatui          SP1000099999999999xxxxxxxx                                                               
1040001300003R 01000000000000000000000000000000000000000000000000211082017000000000000500                                                                                                                                                       
1040001300004S 013Teste Mensagem 1                                                                                                                                                                                                              
1040001300005P 01021451000000000000000001400000000000000211220200000         1009201700000000003028800000002A10072017115092017000000000000020109092017000000000000230000000000000000000000000000110200000                   1102000090000000000 
1040001300006Q 011000012345678902Jose da Silva 2                         Rua da Esperança 100                    Centro         18270000Tatui          SP1000099999999999xxxxxxxx                                                               
1040001300007R 01000000000000000000000000000000000000000000000000211092017000000000000500                                                                                                                                                       
1040001300008S 013Teste Mensagem 1                                                                                                                                                                                                              
1040001300009P 01021451000000000000000001400000000000000311220300000         1010201700000000004240200000002A10072017115102017000000000000020109102017000000000000230000000000000000000000000000110300000                   1102000090000000000 
1040001300010Q 011000012345678903Jose da Silva 3                         Rua da Esperança 100                    Centro         18270000Tatui          SP1000099999999999xxxxxxxx                                                               
1040001300011R 01000000000000000000000000000000000000000000000000211102017000000000000500                                                                                                                                                       
1040001300012S 013Teste Mensagem 1                                                                                                                                                                                                              
10400015         000014000003000000000000908620000000000000000000000000000000000000000000000                                                                                                                                                    
10499999         000001000016                                                                                                                                                                                                                   
