23700000         218760540000139000000000000023541870214510000005451442 Nome do Cedente Completo      BRADESCO                                10212201900000000000108406250                    REMESSA-PRODUCAO                                 
23700011R01  042 2018760540000139000000000000023541870214510000005451442 Nome do Cedente Completo                                                                                      000000010212201900000000                                 
2370001300001P 010214510000005451442 0150000000000000001511122100000         1008201700000000001817200000002A10072017115082017000000000000020109082017000000000000230000000000000000000000000000110100000                   1102000090000000000 
2370001300002Q 011000012345678901Jose da Silva 1                         Rua da Esperança 100                    Centro         18270000Tatui          SP0000000000000000                                        000                            
2370001300003R 01000000000000000000000000000000000000000000000000211082017000000000000500                                                                                                              0000000000000000 000000000000  3         
2370001300004P 010214510000005451442 0150000000000000002311122200000         1009201700000000003028800000002A10072017115092017000000000000020109092017000000000000230000000000000000000000000000110200000                   1102000090000000000 
2370001300005Q 011000012345678902Jose da Silva 2                         Rua da Esperança 100                    Centro         18270000Tatui          SP0000000000000000                                        000                            
2370001300006R 01000000000000000000000000000000000000000000000000211092017000000000000500                                                                                                              0000000000000000 000000000000  3         
2370001300007P 010214510000005451442 0150000000000000003111122300000         1010201700000000004240200000002A10072017115102017000000000000020109102017000000000000230000000000000000000000000000110300000                   1102000090000000000 
2370001300008Q 011000012345678903Jose da Silva 3                         Rua da Esperança 100                    Centro         18270000Tatui          SP0000000000000000                                        000                            
2370001300009R 01000000000000000000000000000000000000000000000000211102017000000000000500                                                                                                              0000000000000000 000000000000  3         
23700015         00001100000000000000000000000000000000000000000000000000000000000000000000000000000000000000000000                                                                                                                             
23799999         000001000013000000                                                                                                                                                                                                             
