23700000         2187605400001390000000000000000000000308520228000000000IS A   SERVICOS COMBINADOS DE C ECON FEDERAL                          23101201302413700053504000000                    RETORNO-PRODUCAO                  000            
23700011T0100030 20187605400001390000000000000000000000308520228000000000IS A   SERVICOS COMBINADOS DE                                                                                 00000535310120130000000000                          00   
2370001300001T 060000002022800000000   240000000001900017100000000000000010022013000000000000100237005170000000000000000          090000000000000000                                                  000000000000228040101                     
2370001300002U 06000000000000000000000000000000000000000000000000000000000000000000000000100000000000000100000000000000000000000000000000310120130102201300000102201300000000000000000000000000000000000000000000000000000000000000000000       
23700015         00000400000000000000000000000000000000000000000000000000000000000000000000000000000000000000000000                                                                                                                             
23799999         000001000006                                                                                                                                                                                                                   
