02RETORNO01COBRANCA       0067100009692X203896JOAO DOS SANTOS DEMELO        001BANCO DO BRASIL0409140001923                      000002290916698324  1254782                                                                                                                                                                                                                                              000001
100000000000000000067100009692X20389621      0000000009241320100000000000010000001   019000000 0000000000 1806040914          00000000000010000001051014000000009571500134347000509140000280000000000000000000000000000000000000000000000000000000000000000000000000095715000000000000000000000000000000000000000000000009543520000000000000          0000000000000000000000000000000000000000000000001009000002
100000000000000000067100009692X20389621      0000000009241530100000000000010000001   019000000 0000000000 1806040914          0000000000001000000106101400000000085340013293X000509140000280000000000000000000000000000000000000000000000000000000000000000000000000008534000000000000000000000000000000000000000000000000825420000000000000          0000000000000000000000000000000000000000000000001006000003
9201001          000000000000000000000000000000          000000000000000000000000000000          000000000000000000000000000000          000000000000000000000000000000                                                  000000000000000000000000000000                                                                                                                                                   000004
