02RETORNO01COBRANCA       0067100009692X203896JOAO DOS SANTOS DEMELO        341ITAU           0409140001923      010120          000002290916698324  1254782                                                         010120                                                                                                                                                                121214         000001
111187605400001390067100009692X20389621      0000000009241320100000000000010000001   019000000 0000000000 1806040110120       00000000000010000001051014000000009571500134347000509140000280000000000000000000000000000000000000000000000000000000000000000000000000095715000000000000000000000000000000101200000000000009543520000000000000          0000000000000000000000000000000000000000000000001009000002
111187605400001390067100009692X20389621      0000000009241530100000000000010000001   019000000 0000000000 1806040110120       0000000000001000000106101400000000085340013293X000509140000280000000000000000000000000000000000000000000000000000000000000000000000000008534000000000000000000000000000000101200000000000000825420000000000000          0000000000000000000000000000000000000000000000001006000003
9201001          000000000000000000000000000000          000000000000000000000000000000          000000000000000000000000000000          000000000000000000000000000000                                                  000000000000000000000000000000                                                                                                                                                   000004
