02RETORNO01COBRANCA       0067100009692X203896JOAO DOS SANTOS DEMELO        091BANCO UNICRED  0409140001923                      000002290916698324  1254782                                                                                                                                                                                                                               121215         000001
111187605400001390067100009692120389621  0   00000000092413201000000001234567890 1   019000000 0000000000 1806040914111111111100000000000010000001051014000000009571500134347000509140000280000000000000000000000000000000000000000000000000000000000000000000000000095715000000000000000000000000000000000000000000000009543500000000000000          0000000000000000000000000000000000000000000000001009000002
111187605400001390067100009692120389621  0   00000000092415301000000001234567890 1   019000000 0000000000 180604091411111111110000000000001000000106101400000000085340013293X000509140000280000000000000000000000000000000000000000000000000000000000000000000000000008534000000000000000000000000000000000000000000000000825400000000000000          0000000000000000000000000000000000000000000000001006000003
9201001          000000000000000000000000000000          000000000000000000000000000000          000000000000000000000000000000          000000000000000000000000000000                                                  000000000000000000000000000000                                                                                                                                                   000004
